@article{article:black,
	author = {H. S. Black},
	title = {Stabilized Feedback Amplifiers},
	journal = {Bell System Technical Journal},
	volume = {13},
	number = {1},
	pages = {1-18},
	year = {1927},
	doi = {10.1002/j.1538-7305.1934.tb00652.x}
}

@article{article:morari,
	author = {Morari, Manfred and Lee, Jay H},
	doi = {https://doi.org/10.1016/S0098-1354(98)00301-9},
	issn = {0098-1354},
	journal = {Computers {\&} Chemical Engineering},
	number = {4},
	pages = {667--682},
	title = {{Model predictive control: past, present and future}},
	url = {http://www.sciencedirect.com/science/article/pii/S0098135498003019},
	volume = {23},
	year = {1999}
}

@article{article:bode,
	author = {H. W. Bode},
	title = {Feedback Amplifier Design},
	journal = {Bell System Technical Journal},
	volume = {19},
	number = {1},
	pages = {42},
	year = {1940}
}

@article{article:cutler,
	author = {C. R. Cutler and B. L. Ramaker},
	title = {Dynamic matrix control - a computer control algorithm},
	journal = {Joint Automatic Control Conference},
	volume = {1},
	year = {1980}
}

@article{article:lyapunov,
	author = {Lyapunov, A.},
	journal = {Annales de la Faculté des sciences de Toulouse : Mathématiques},
	language = {fre},
	pages = {203-474},
	publisher = {GAUTHIER-VILLARS, IMPRIMEUR-EDITEUR ; ED. PRIVAT, IMPRIMEUR-LIBRAIRE},
	title = {Problème général de la stabilité du mouvement},
	url = {http://eudml.org/doc/72801},
	volume = {9},
	year = {1907},
	note = {Tradução do artigo original publicado em 1892 an Comm. Soc. Math. Kharkow e reimpresso como Vol. 17 em Ann. Math Studies, Princeton University Press, Princeton, N.J., 1949.}
}

@article{article:nishikawa,
	Author = {Y. Nishikawa and N. Sannomiya and T. Ohta and H. Tanaka},
	Date-Added = {2017-11-05 21:50:11 +0000},
	Date-Modified = {2017-11-05 21:52:07 +0000},
	Journal = {Automatica},
	Number = {3},
	Pages = {321-332},
	Title = {A Method for Auto-tuning of PID Control Parameters},
	Volume = {20},
	Year = {1984}}

@article{article:clarke,
	Author = {D.W. Clarke},
	Date-Added = {2017-11-05 21:45:54 +0000},
	Date-Modified = {2017-11-05 21:47:02 +0000},
	Journal = {Transactions of the Institute of Measurement and Control},
	Pages = {305-316},
	Title = {PID algorithms and their computer implementation},
	Volume = {6},
	Url = {https://goo.gl/m3Eanq},
	Year = {1984}}

@article{article:martins,
	Author = {F G. Martins},
	Date-Added = {2017-11-05 21:43:39 +0000},
	Date-Modified = {2017-11-05 21:45:42 +0000},
	Journal = {IJEE},
	Number = {3},
	Pages = {867-873},
	Title = {Tuning PID Controllers using the ITAE Criterion},
	Volume = {21},
	Url = {https://goo.gl/dY72Bj},
	Year = {2005}}

@book{book:bryson,
   title =     {Applied Optimal Control: Optimization, Estimation and Control},
   author =    {Jr. Arthur E. Bryson, Yu-Chi Ho},
   publisher = {Taylor and Francis},
   isbn =      {0891162283,9780891162285},
   year =      {1975},
   edition =   {Revised}
}

@book{book:ogata,
	Author = {K. Ogata},
	Date-Added = {2017-08-20 19:06:29.777471},
	Date-Modified = {2017-08-20 19:06:29.777471},
	Publisher = {Pearson},
	Title = {Modern Control Engineering},
	Url = {https://goo.gl/rZZDmx},
	Year = {2009}}

@book{book:dorf,
	Author = {R. C. Dorf and R. H. Bishop},
	Date-Added = {2017-08-20 19:06:54.071478},
	Date-Modified = {2017-08-20 19:06:54.071478},
	Publisher = {Pearson},
	Title = {Modern Control Systems},
	Url = {https://goo.gl/kKU1vj},
	Year = {2010}}

@book{book:wang,
	Author = {L. Wang},
	Edition = {1},
	Publisher = {Springer-Verlag London},
	Series = {Advances in Industrial Control},
	Title = {Model Predictive Control System Design and Implementation Using MATLAB{\textregistered}},
	Year = {2009},
	Url = {https://goo.gl/czFKuq}}

@inproceedings{article:shang,
	Author={Huilan Shang and J. F. Forbes and M. Guay},
	Booktitle={Proceedings of the 2002 American Control Conference (IEEE Cat. No.CH37301)},
	Title={Characteristics-based model predictive control of distributed parameter systems},
	Year={2002},
	Volume={6},
	Url = {https://goo.gl/AHJff2},
	Pages={4383-4388}}

@article{article:cairano,
	Author={S. Di Cairano},
	Title={An Industry Perspective on MPC in Large Volumes Applications: Potential Benefits and Open Challenges},
	Year={2012},
	Url = {https://goo.gl/txgjKv}}

@mastersthesis{masterthesis:nelson,
	Author = {N. F. Barroso},
	Date-Added = {2018-03-03 20:04:57 +0000},
	Date-Modified = {2018-03-06 13:08:02 +0000},
	School = {CEFET-MG},
	Title = {Estrat{\'e}gia de monitoramento de sistemas distribu{\'\i}dos baseada em observadores do tipo Kalman},
	Url = {https://goo.gl/oDYCdB},
	Year = {2017}}

@masterthesis{masterthesis:zhang,
	Author = {Zhang, Xi},
	Pages = {86},
	School = {TUDelft},
	Title = {{Fast MPC Solvers for Systems with Hard Real-Time Constraints}},
	Year = {2016}
}

@misc{misc:patwardhan,
	Author = {S. C. Patwardhan},
	Date-Added = {2018-03-06 17:16:54 +0000},
	Date-Modified = {2018-03-06 17:20:15 +0000},
	Institution = {Indian Institute of Technology Bombay},
	Year = {2014},
	Url = {https://goo.gl/FPJkKo},
	Title = {A Gentle Introduction to Model Predictive Control (MPC) Formulations based on Discrete Linear State Space Models}}

@misc{misc:nelson,
	Author = {N. F. Barroso},
	Date-Added = {2018-03-06 16:54:40 +0000},
	Date-Modified = {2018-03-06 16:55:59 +0000},
	Institution = {CEFET-MG},
	Url = {https://goo.gl/uff757},
	Note = {Trabalho de Conclusão de Curso em Engenharia Mecatrônica no CEFET-MG},
	Title = {Instrumenta{\c c}{\~a}o Virtual Aplicada {\`a} Automa{\c c}{\~a}o de um Sistema T{\'e}rmico para Experimenta{\c c}{\~a}o Via Web},
	Year = {2015}}

@misc{misc:valle-silva,
	Author = {J. V. Valle Silva},
	Date-Added = {2018-03-06 16:56:03 +0000},
	Date-Modified = {2018-03-06 16:57:03 +0000},
	Institution = {CEFET-MG},
	Url = {https://goo.gl/LTFRw8},
	Note = {Trabalho de Conclusão de Curso em Engenharia Mecatrônica no CEFET-MG},
	Title = {Modelagem Matem{\'a}tica a par{\^a}metros distribu{\'\i}dos e Controle em Malha Fechada de um sistema de aquecimento de ar},
	Year = {2014}}
